<?xml version="1.0" encoding="UTF-8"?><record xmlns="http://www.loc.gov/MARC21/slim" xmlns:cinclude="http://apache.org/cocoon/include/1.0" xmlns:zs="http://www.loc.gov/zing/srw/">
  <leader>00486nz  a2200133n  4500</leader>
  <controlfield tag="001">no2008130038</controlfield>
  <controlfield tag="003">DLC</controlfield>
  <controlfield tag="005">20080907080948.0</controlfield>
  <controlfield tag="008">080905n| acannaabn          |n ana     c</controlfield>
  <datafield tag="010" ind1=" " ind2=" ">
    <subfield code="a">no2008130038</subfield>
  </datafield>
  <datafield tag="035" ind1=" " ind2=" ">
    <subfield code="a">(OCoLC)oca07870709</subfield>
  </datafield>
  <datafield tag="040" ind1=" " ind2=" ">
    <subfield code="a">WU</subfield>
    <subfield code="b">eng</subfield>
    <subfield code="c">WU</subfield>
  </datafield>
  <datafield tag="110" ind1="2" ind2=" ">
    <subfield code="a">Congress Party in Parliament of India.</subfield>
    <subfield code="b">Bureau of Parliamentary Research</subfield>
  </datafield>
  <datafield tag="670" ind1=" " ind2=" ">
    <subfield code="a">Industrial projects and output in India, 1953:</subfield>
    <subfield code="b">p. [2] of cover (Bureau of Parliamentary Research, Congress Party in Parliament, New Delhi)</subfield>
  </datafield>
</record>